@article{luo2016parameter,
  title={Parameter identification of ship maneuvering model based on support vector machines and particle swarm optimization},
  author={Luo, W. and Soares, G. S. and Zou, Z.},
  journal={Journal of Offshore Mechanics and Arctic Engineering},
  volume={138},
  number={3},
  pages={031101-1--031101-8},
  year={2016},
  publisher={American Society of Mechanical Engineers}
}

@article{menter1994two,
  title={Two-equation eddy-viscosity turbulence models for engineering applications},
  author={Menter, F. R.},
  journal={AIAA journal},
  volume={32},
  number={8},
  pages={1598--1605},
  year={1994}
}

@book{pope2001turbulent,
  title={Turbulent flows},
  author={Pope, S. B.},
  year={2001},
  publisher={Cambridge University Press}
}


@article{starccm,
  title={Star-CCM+ Theroy Guide},
  author={Siemens, PLM Software},
  journal={Star-CCM+ Documentation},
  volume={12.04},
  pages={7258--7795},
  year={2017}
}

@article{schlichting1979boundary,
  title={Boundary-layer theory, 7th. editon},
  author={Schlichting, H.},
  journal={McCraw-Hill Book Co., New York},
  year={1979}
}